<record><leader>00000cas a2200000 a 4500</leader><controlfield tag="001">9822525</controlfield><controlfield tag="007">hd afb---baua</controlfield><controlfield tag="007">hd bfb---baba</controlfield><controlfield tag="008">830818d195419uuwauwr nea     0   a0eng c</controlfield><datafield ind1=" " ind2=" " tag="010"><subfield code="a">  2011252750</subfield></datafield><datafield ind1=" " ind2=" " tag="040"><subfield code="a">WAU</subfield><subfield code="b">eng</subfield><subfield code="c">WAU</subfield><subfield code="d">OCL</subfield><subfield code="d">OCLCQ</subfield><subfield code="d">WAU</subfield><subfield code="d">OCLCF</subfield></datafield><datafield ind1=" " ind2=" " tag="042"><subfield code="a">pcc</subfield></datafield><datafield ind1=" " ind2=" " tag="043"><subfield code="a">n-us-wa</subfield></datafield><datafield ind1="0" ind2="0" tag="245"><subfield code="a">Yakima Valley sun</subfield><subfield code="h">[microform].</subfield></datafield><datafield ind1=" " ind2=" " tag="260"><subfield code="a">Yakima, Wash. :</subfield><subfield code="b">Golden West Pub.</subfield></datafield><datafield ind1=" " ind2=" " tag="300"><subfield code="a">v.</subfield></datafield><datafield ind1="1" ind2=" " tag="362"><subfield code="a">Began in 1954.</subfield><subfield code="z">Cf. Ayer directory of publications.</subfield></datafield><datafield ind1=" " ind2=" " tag="533"><subfield code="a">Microfilm.</subfield><subfield code="b">Seattle, Wash. :</subfield><subfield code="c">University of Washington,</subfield><subfield code="d">1983.</subfield><subfield code="e">1 microfilm reel ; 35 mm.</subfield></datafield><datafield ind1=" " ind2=" " tag="588"><subfield code="a">Description based on: Vol. 15, no. 34 (Aug. 24, 1967); title from masthead.</subfield></datafield><datafield ind1=" " ind2=" " tag="588"><subfield code="a">Latest issue consulted: Vol. 16, no. 23 (June 13, 1968).</subfield></datafield><datafield ind1=" " ind2="0" tag="651"><subfield code="a">Yakima (Wash.)</subfield><subfield code="v">Newspapers.</subfield></datafield><datafield ind1=" " ind2="7" tag="655"><subfield code="a">Newspapers.</subfield><subfield code="2">fast</subfield><subfield code="0">(OCoLC)fst01423814</subfield></datafield><datafield ind1=" " ind2="7" tag="651"><subfield code="a">Washington (State)</subfield><subfield code="z">Yakima.</subfield><subfield code="2">fast</subfield><subfield code="0">(OCoLC)fst01205471</subfield></datafield><datafield ind1=" " ind2=" " tag="752"><subfield code="a">United States</subfield><subfield code="b">Washington</subfield><subfield code="c">Yakima</subfield><subfield code="d">Yakima.</subfield></datafield><datafield ind1="1" ind2=" " tag="776"><subfield code="c">Original</subfield><subfield code="w">(DLC)sn 88085527</subfield><subfield code="w">(OCoLC)17416328</subfield></datafield><datafield ind1="0" ind2="0" tag="785"><subfield code="t">Sun press</subfield></datafield></record>